<?xml version="1.0" encoding="UTF-8"?><record xmlns="http://www.loc.gov/MARC21/slim" xmlns:cinclude="http://apache.org/cocoon/include/1.0" xmlns:zs="http://www.loc.gov/zing/srw/">
  <leader>00729cz  a2200157n  4500</leader>
  <controlfield tag="001">n  87886742 </controlfield>
  <controlfield tag="003">DLC</controlfield>
  <controlfield tag="005">20080314075310.0</controlfield>
  <controlfield tag="008">880112n| acannaabn          |a ana      </controlfield>
  <datafield tag="010" ind1=" " ind2=" ">
    <subfield code="a">n  87886742 </subfield>
  </datafield>
  <datafield tag="035" ind1=" " ind2=" ">
    <subfield code="a">(OCoLC)oca02179437</subfield>
  </datafield>
  <datafield tag="040" ind1=" " ind2=" ">
    <subfield code="a">DLC</subfield>
    <subfield code="b">eng</subfield>
    <subfield code="c">DLC</subfield>
    <subfield code="d">OCoLC</subfield>
  </datafield>
  <datafield tag="110" ind1="2" ind2=" ">
    <subfield code="a">Zveza pedagoških društev LR Slovenije</subfield>
  </datafield>
  <datafield tag="510" ind1="2" ind2=" ">
    <subfield code="w">a</subfield>
    <subfield code="a">Republiška zveza pedagoških društev LR Slovenije</subfield>
  </datafield>
  <datafield tag="510" ind1="2" ind2=" ">
    <subfield code="w">b</subfield>
    <subfield code="a">Zveza pedagoških društev SR Slovenije</subfield>
  </datafield>
  <datafield tag="670" ind1=" " ind2=" ">
    <subfield code="a">Sodobna pedagogika, L. 10, št. 1 (1959):</subfield>
    <subfield code="b">t.p. verso (Zveza pedagoških društev LR Slovenije); L. 9, št. 8 (1958) t.p. verso (Republiška zveza pedagoških društev LR Slovenije); L. 14, št. 3-4 (1963): t.p. verso (Zveza pedagoških društev SR Slovenije)</subfield>
  </datafield>
</record>